<?xml version="1.0" encoding="UTF-8"?><collection xmlns="http://www.loc.gov/MARC21/slim"><record><leader>00409nam--2200145-i-4500</leader><controlfield tag="001">000029370</controlfield><controlfield tag="002">20161230</controlfield><controlfield tag="005">20161230201037</controlfield><controlfield tag="008">060222s1000------------r-----000-0-eng-d</controlfield><datafield ind1=" " ind2=" " tag="080"><subfield code="a">543.42:621.375.826</subfield></datafield><datafield ind1=" " ind2=" " tag="245"><subfield code="a">Laser analytical spectrochemistry</subfield></datafield><datafield ind1=" " ind2=" " tag="260"><subfield code="a">Bristol, Adam Hilger, 1985, Xii + 412p</subfield></datafield><datafield ind1=" " ind2=" " tag="490"><subfield code="a">The Adam Hilger Series On Optics And Optoelectronics</subfield></datafield><datafield ind1=" " ind2=" " tag="700"><subfield code="a">Letkhov, V.S</subfield></datafield><datafield ind1=" " ind2=" " tag="852"><subfield code="a">80415</subfield></datafield></record></collection>